
@Inbook{Brakerski2012,
author="Brakerski, Zvika",
title="Fully Homomorphic Encryption without Modulus Switching from Classical GapSVP",
bookTitle="Advances in Cryptology -- CRYPTO 2012: 32nd Annual Cryptology Conference, Santa Barbara, CA, USA, August 19-23, 2012. Proceedings",
year="2012",
publisher="Springer Berlin Heidelberg",
address="Berlin, Heidelberg",
pages="868--886",
isbn="978-3-642-32009-5",
doi="10.1007/978-3-642-32009-5_50",
}

@inproceedings{Brakerski:2011:EFH:2082752.2082933,
 author = {Brakerski, Zvika and Vaikuntanathan, Vinod},
 title = {Efficient Fully Homomorphic Encryption from (Standard) LWE},
 booktitle = {Proceedings of the 2011 IEEE 52Nd Annual Symposium on Foundations of Computer Science},
 series = {FOCS '11},
 year = {2011},
 isbn = {978-0-7695-4571-4},
 pages = {97--106},
 numpages = {10},
 doi = {10.1109/FOCS.2011.12},
 acmid = {2082933},
 publisher = {IEEE Computer Society},
 address = {Washington, DC, USA},
 keywords = {Fully Homomorphic Encryption, Lattices, Learning with Errors},
} 

@inproceedings{Brakerski:2011:FHE:2033036.2033075,
 author = {Brakerski, Zvika and Vaikuntanathan, Vinod},
 title = {Fully Homomorphic Encryption from ring-LWE and Security for Key Dependent Messages},
 booktitle = {Proceedings of the 31st Annual Conference on Advances in Cryptology},
 series = {CRYPTO'11},
 year = {2011},
 isbn = {978-3-642-22791-2},
 location = {Santa Barbara, CA},
 pages = {505--524},
 numpages = {20},
 url = {http://dl.acm.org/citation.cfm?id=2033036.2033075},
 acmid = {2033075},
 publisher = {Springer-Verlag},
 address = {Berlin, Heidelberg},
} 


@inproceedings{Loftus:2011:CSH:2186839.2186845,
 author = {Loftus, Jake and May, Alexander and Smart, Nigel P. and Vercauteren, Frederik},
 title = {On CCA-Secure Somewhat Homomorphic Encryption},
 booktitle = {Proceedings of the 18th International Conference on Selected Areas in Cryptography},
 series = {SAC'11},
 year = {2012},
 isbn = {978-3-642-28495-3},
 location = {Toronto, ON, Canada},
 pages = {55--72},
 numpages = {18},
 url = {http://dx.doi.org/10.1007/978-3-642-28496-0_4},
 doi = {10.1007/978-3-642-28496-0_4},
 acmid = {2186845},
 publisher = {Springer-Verlag},
 address = {Berlin, Heidelberg},
} 

@phdthesis{Gentry:2009:FHE:1834954,
 author = {Gentry, Craig},
 advisor = {Boneh, Dan},
 title = {A Fully Homomorphic Encryption Scheme},
 year = {2009},
 isbn = {978-1-109-44450-6},
 note = {AAI3382729},
 school = {Stanford University},
 address = {Stanford, CA, USA},
} 

@inproceedings{Gentry:2009:CED:1695738.1695784,
 author = {Gentry, Craig},
 title = {Computing on Encrypted Data},
 booktitle = {Proceedings of the 8th International Conference on Cryptology and Network Security},
 series = {CANS '09},
 year = {2009},
 isbn = {978-3-642-10432-9},
 location = {Kanazawa, Japan},
 pages = {477--477},
 numpages = {1},
 doi = {10.1007/978-3-642-10433-6_32},
 acmid = {1695784},
 publisher = {Springer-Verlag},
 address = {Berlin, Heidelberg},
} 



@inproceedings{Gentry:2009:FHE:1536414.1536440,
 author = {Gentry, Craig},
 title = {Fully Homomorphic Encryption Using Ideal Lattices},
 booktitle = {Proceedings of the Forty-first Annual ACM Symposium on Theory of Computing},
 series = {STOC '09},
 year = {2009},
 isbn = {978-1-60558-506-2},
 location = {Bethesda, MD, USA},
 pages = {169--178},
 numpages = {10},
 url = {http://doi.acm.org/10.1145/1536414.1536440},
 doi = {10.1145/1536414.1536440},
 acmid = {1536440},
 publisher = {ACM},
 address = {New York, NY, USA},
 keywords = {fully homomorphic encryption},
} 

@incollection{
GSAB13,
year={2013},
isbn={978-3-642-40040-7},
booktitle={Advances in Cryptology – CRYPTO 2013},
volume={8042},
series={Lecture Notes in Computer Science},
editor={Canetti, Ran and Garay, JuanA.},
doi={10.1007/978-3-642-40041-4_5},
title={Homomorphic Encryption from Learning with Errors: Conceptually-Simpler, Asymptotically-Faster, Attribute-Based},
publisher={Springer Berlin Heidelberg},
author={Gentry, Craig and Sahai, Amit and Waters, Brent},
pages={75-92},
language={English}
}


@Article{Nguyen2009,
author="Nguyen, Phong Q.
and Regev, Oded",
title="Learning a Parallelepiped: Cryptanalysis of GGH and NTRU Signatures",
journal="Journal of Cryptology",
year="2009",
volume="22",
number="2",
pages="139--160",
}


@INPROCEEDINGS{Lopez-alt12on-the-flymultiparty,
    author = {Adriana L\'opez-Alt and Eran Tromer and Vinod Vaikuntanathan},
    title = {On-the-fly multiparty computation on the cloud via multikey fully homomorphic encryption},
    booktitle = {In STOC},
    year = {2012},
    pages = {1219--1234}
}
@Inbook{Bos2013,
author="Bos, Joppe W.
and Lauter, Kristin
and Loftus, Jake
and Naehrig, Michael",
title="Improved Security for a Ring-Based Fully Homomorphic Encryption Scheme",
bookTitle="Cryptography and Coding: 14th IMA International Conference, IMACC 2013, Oxford, UK, December 17-19, 2013. Proceedings",
year="2013",
publisher="Springer Berlin Heidelberg",
pages="45--64",
}


