@Article{Voloch88,
author = {Voloch, J.F},
title = {A note on elliptic curves over finite fields},
journal = {Bulletin de la {S}ociété {M}athématique de {F}rance},
year = {1988},
volume = {116},
number = {4},
pages = {455-458}
}

@misc{Lang2002algebra,
  title={Algebra. Number 211 in Graduate Texts in Mathematics},
  author={Lang, Serge},
  year={2002},
  publisher={Springer Verlag}
}

@book{Washington2008,
  title={Elliptic curves: number theory and cryptography},
  author={Washington, Lawrence C},
  year={2008},
  publisher={{CRC} press}
}

@inproceedings{Shoup93,
  author    = {Shoup, Victor},
  title     = {Fast {C}onstruction of {I}rreducible {P}olynomials over {F}inite {F}ields},
  booktitle = {Proceedings of the Fourth Annual {ACM/SIGACT-SIAM} Symposium on Discrete
               Algorithms, 25-27 January 1993, Austin, Texas.},
  pages     = {484--492},
  year      = {1993},
  crossref  = {soda1993},
  url       = {http://dl.acm.org/citation.cfm?id=313559.313865},
  timestamp = {Fri, 07 Dec 2012 17:02:09 +0100},
  biburl    = {http://dblp.uni-trier.de/rec/bib/conf/soda/Shoup93},
  bibsource = {dblp computer science bibliography, http://dblp.org}
}

@proceedings{soda1993,
  editor    = {Vijaya Ramachandran},
  title     = {Proceedings of the Fourth Annual {ACM/SIGACT-SIAM} Symposium on Discrete
               Algorithms, 25-27 January 1993, Austin, Texas},
  publisher = {{ACM/SIAM}},
  year      = {1993},
  url       = {http://dl.acm.org/citation.cfm?id=313559},
  isbn      = {0-89791-562-3},
  timestamp = {Fri, 07 Dec 2012 17:02:08 +0100},
  biburl    = {http://dblp.uni-trier.de/rec/bib/conf/soda/1993},
  bibsource = {dblp computer science bibliography, http://dblp.org}
}


@article{Doliskani-Schost14,
  author    = {Doliskani, Javad  and
               Schost, {\'{E}}ric},
  title     = {Taking roots over high extensions of finite fields},
  journal   = {Mathematics of {C}omputation},
  volume    = {83},
  number    = {285},
  year      = {2014},
  url       = {http://dx.doi.org/10.1090/S0025-5718-2013-02715-9},
  doi       = {10.1090/S0025-5718-2013-02715-9},
  timestamp = {Thu, 04 Sep 2014 15:21:17 +0200},
  biburl    = {http://dblp.uni-trier.de/rec/bib/journals/moc/DoliskaniS14},
  bibsource = {dblp computer science bibliography, http://dblp.org}
}



@book{vzGJG03,
  author    = {von zur Gathen, Joachim and
               Gerhard, J{\"{u}}rgen},
  title     = {Modern computer algebra {(2.} ed.)},
  publisher = {Cambridge {U}niversity {P}ress},
  year      = {2003},
  isbn      = {978-0-521-82646-4},
  timestamp = {Thu, 14 Apr 2011 14:43:21 +0200},
  biburl    = {http://dblp.uni-trier.de/rec/bib/books/daglib/0010544},
  bibsource = {dblp computer science bibliography, http://dblp.org}
}

@article{GathenShoup92,
  author    = {{v}on {z}ur Gathen, Joachim and
               Shoup, Victor },
  title     = {Computing {F}robenius {M}aps and {F}actoring {P}olynomials},
  journal   = {Computational Complexity},
  volume    = {2},
  pages     = {187--224},
  year      = {1992},
  url       = {http://dx.doi.org/10.1007/BF01272074},
  doi       = {10.1007/BF01272074},
  timestamp = {Fri, 20 May 2011 14:39:22 +0200},
  biburl    = {http://dblp.uni-trier.de/rec/bib/journals/cc/GathenS92},
  bibsource = {dblp computer science bibliography, http://dblp.org}
}


@inproceedings{EngeMorain03,
  author    = {Enge, Andreas  and
               Morain, Fran{\c{c}}ois },
  title     = {Fast {D}ecomposition of {P}olynomials with {K}nown {G}alois {G}roup},
  booktitle = {Applied Algebra, Algebraic Algorithms and Error-Correcting Codes,
               15th International Symposium, AAECC-15, Toulouse, France, May 12-16,
               2003, Proceedings},
  pages     = {254--264},
  year      = {2003},
  crossref  = {aaecc2003},
  url       = {http://dx.doi.org/10.1007/3-540-44828-4_27},
  doi       = {10.1007/3-540-44828-4_27},
  timestamp = {Sun, 20 Sep 2009 19:09:13 +0200},
  biburl    = {http://dblp.uni-trier.de/rec/bib/conf/aaecc/EngeM03},
  bibsource = {dblp computer science bibliography, http://dblp.org}
}

@INPROCEEDINGS{Couveignes96isogenycycles,
    author = {Couveignes,Jean-Marc and Morain, Fran\c{c}ois},
    title = {Isogeny cycles and the {S}choof-{E}lkies-{A}tkin algorithm},
    booktitle = {Research Report LIX/RR/96/03, LIX},
    year = {1996},
    pages = {96}
}

@article{DeFeoJaoPlut14,
  author    = {De Feo, Luca and
               Jao, David and
               Pl{\^{u}}t, J{\'{e}}r{\^{o}}me },
  title     = {Towards quantum-resistant cryptosystems from supersingular elliptic
               curve isogenies},
  journal   = {Journal of Mathematical Cryptology},
  volume    = {8},
  number    = {3},
  pages     = {209--247},
  year      = {2014},
  url       = {http://dx.doi.org/10.1515/jmc-2012-0015},
  doi       = {10.1515/jmc-2012-0015},
  timestamp = {Thu, 04 Sep 2014 13:50:06 +0200},
  biburl    = {http://dblp.uni-trier.de/rec/bib/journals/jmc/FeoJP14},
  bibsource = {dblp computer science bibliography, http://dblp.org}
}


@article{RostovtsevStolbunov06,
  author    = {Rostovtsev, Alexander and
               Stolbunov, Anton},
  title     = {Public-{K}ey {C}ryptosystem {B}ased on {I}sogenies},
  journal   = {{IACR} Cryptology ePrint Archive},
  volume    = {2006},
  pages     = {145},
  year      = {2006},
  url       = {http://eprint.iacr.org/2006/145},
  timestamp = {Mon, 05 Dec 2011 18:05:45 +0100},
  biburl    = {http://dblp.uni-trier.de/rec/bib/journals/iacr/RostovtsevS06},
  bibsource = {dblp computer science bibliography, http://dblp.org}
}

@misc{lidl1983finite,
  title={Finite Fields (Encyclopedia of Mathematics and its Applications, vol. 20)},
  author={Lidl, Rudolf and Niederreiter, Harald},
  year={1983},
  publisher={Cambridge University Press Cambridge}
}

@phdthesis{Ler97a,
  author = {Lercier, Reynald},
  title = {Algorithmique des courbes elliptiques dans les corps finis},
  school = {{\'E}cole polytechnique},
  year = 1997,
  address = {Palaiseau},
  note = {In french},
  month = jun,
  abstract = { This thesis deals with computations of cardinality of
                  elliptic curves which are defined over a finite field. In a
                  first part, we study Schoof's algorithm and variants due to
                  Atkin and Elkies. We show how these algorithms, initially
                  designed for finite fields of large characteristic, can be
                  applied to fields of small characteristic.\\\\ It turns out
                  that most of Atkin's and Elkies' ideas can be used in the
                  last case, except for computing isogenies between elliptic
                  curves. We therefore study five algorithms for computing
                  isogenies in the second part. First algorithm is Atkin's
                  original algorithm for fields of large
                  characteristic. Second and the third are Couveignes's
                  algorithms for finite fields of small
                  characteristic. Finally, we propose a fourth algorithm
                  specially designed for finite fields of characteristic two,
                  and we show in fifth algorithm, how we can extend these
                  ideas for finite fields of odd characteristic $p$ and
                  isogenies of degree $l$ smaller than $2p$.\\\\ From a
                  practical point of view, we explain how we have programmed
                  the previous algorithms in a third part. In particular, we
                  introduce \texttt{ZEN}, a programming library written in
                  \texttt{C}-language which efficiently computes in every
                  finite extension over a finite ring. Then, we explain how we
                  used the obtained program for efficiently computing number
                  of points of curves defined over any finite fields whose
                  number of points is smaller than $10^{100}$. Moreover, we
                  describe how we can find elliptic curves with good
                  cryptographic properties. },
  urlin = {../file/Ler97a.pdf}
}

@article{Lercier-Sirvent2008,
  title={On Elkies subgroups of $\ell $-torsion points in elliptic curves defined over a finite field},
  author={Lercier, Reynald and Sirvent, Thomas},
  journal={Journal de {T}h{\'e}orie des {N}ombres de Bordeaux},
  volume={20},
  number={3},
  pages={783--797},
  year={2008}
}


@article{MiretMSTV06,
  author    = {Miret, Josep M. and
               Moreno, Ramiro and
               Sadornil, Daniel and
               Tena, Juan and
               Valls, Magda},
  title     = {An algorithm to compute volcanoes of 2-isogenies of elliptic
               curves over finite fields},
  journal   = {Applied Mathematics and Computation},
  volume    = {176},
  number    = {2},
  year      = {2006},
  pages     = {739-750},
  ee        = {http://dx.doi.org/10.1016/j.amc.2005.10.020},
  bibsource = {DBLP, http://dblp.uni-trier.de}
}

@article{MiretMSTV08,
  author    = {Miret, Josep M. and
               Moreno, Ramiro and
               Sadornil, Daniel and
               Tena, Juan and
               Valls, Magda},
  title     = {Computing the height of volcanoes of \emph{l}-isogenies of elliptic
               curves over finite fields},
  journal   = {Applied Mathematics and Computation},
  volume    = {196},
  number    = {1},
  pages     = {67--76},
  year      = {2008},
  url       = {http://dx.doi.org/10.1016/j.amc.2007.05.037},
  doi       = {10.1016/j.amc.2007.05.037},
  timestamp = {Thu, 13 Jun 2013 15:50:54 +0200},
  biburl    = {http://dblp.uni-trier.de/rec/bib/journals/amc/MiretMSTV08},
  bibsource = {dblp computer science bibliography, http://dblp.org}
}

@article{Doliskani-Schost15,
  author    = {Doliskani, Javad  and
               Schost, {\'{E}}ric },
  title     = {Computing in degree 2\({}^{\mbox{k}}\)-extensions of finite fields
               of odd characteristic},
  journal   = {Designs, Codes and Cryptography}, 
  volume    = {74},
  number    = {3},
  pages     = {559--569},
  year      = {2015},
  url       = {http://dx.doi.org/10.1007/s10623-013-9875-7},
  doi       = {10.1007/s10623-013-9875-7},
  timestamp = {Thu, 19 Feb 2015 11:23:31 +0100},
  biburl    = {http://dblp.uni-trier.de/rec/bib/journals/dcc/DoliskaniS15},
  bibsource = {dblp computer science bibliography, http://dblp.org}
}

@Book{Gardner,
author = {Richard J. Gardner},
editor = {Gian-Carlo Rota},
title = {Geometric Tomography},
publisher = {Cambridge University Press},
year = {1995},
}
@Book{Goblot,
author = {Rmi Goblot},
editor = {Masson},
title = {Thmes de Gomtrie},
year = {1998},
}


@Book{L3Alg,
author = {Szpirglas, Aviva},
editor = {Pearson Education},
title = {Mathmatiques Algbre L3 },
year = {2009},
}
@Book{Lang1,
author = {Lang, Serge},
ALTeditor = {},
title = {Elliptic Curves Diophantine Analysis},
publisher = {Springer-Verlag},
year = {1978},
OPTkey = {?},
OPTvolume = {?},
OPTnumber = {?},
OPTseries = {?},
OPTaddress = {?},
OPTedition = {?},
OPTmonth = {?},
OPTnote = {?},
OPTannote = {?}
}

@Book{Kob1,
author = {Koblitz, Neal},
ALTeditor = {?},
title = {A Course in Number Theory and Cryptography},
publisher = {Springer},
year = {2006},
OPTkey = {?},
OPTvolume = {?},
OPTnumber = {?},
OPTseries = {?},
OPTaddress = {?},
edition = {second edition},
OPTmonth = {?},
OPTnote = {?},
OPTannote = {?}
}

@Book{Silv1,
author = {Silverman, Joseph H.},
title = {The arithmetic of elliptic curves},
publisher = {Springer-Verlag},
year = {1986},
}

@Book{Pretzel,
author = {Pretzel, Oliver},
editor = {Oxford : Clarendon Press },
title = {Codes and Algebraic Curves},
year = {1998}
}


@Booklet{Peyre,
title = {Corps Finis et Courbes Elliptiques},
author = { Peyre, Emmanuel},
month = {september},
year = {2007}
}

@Booklet{Stein,
title = {Elliptic Curves},
author = { Stein, William}
}

@inproceedings{FouquetMorain02,
  author    = {Fouquet, Mireille and
               Morain, Fran\c{c}ois},
  title     = {Isogeny {V}olcanoes and the {SEA} {A}lgorithm},
  booktitle = {ANTS},
  year      = {2002},
  pages     = {276-291},
  ee        = {http://dx.doi.org/10.1007/3-540-45455-1_23},
  crossref  = {ants2002},
  bibsource = {DBLP, http://dblp.uni-trier.de}
}
@proceedings{ants2002,
  editor    = {Claus Fieker and
               David R. Kohel},
  title     = {Algorithmic Number Theory, 5th International Symposium,
               ANTS-V, Sydney, Australia, July 7-12, 2002, Proceedings},
  booktitle = {ANTS},
  publisher = {Springer},
  series    = {Lecture Notes in Computer Science},
  volume    = {2369},
  year      = {2002},
  isbn      = {3-540-43863-7},
  bibsource = {DBLP, http://dblp.uni-trier.de}
}

@PhdThesis{Kohel96,
author = {Kohel, David R.},
title = {Endomorphism rings of elliptic curves over finite fields},
school = {University of California},
year = {1996}
}

@PhdThesis{Fouquet01,
author = {Fouquet, Mireille},
title = {Anneau d endomorphismes et cardinalite des courbes elliptiques},
school = {Ecole {P}olytechnique},
year = {2001}
}

@inproceedings{Schoof95,
  author    = {Schoof, Ren{\'e}},
  title     = {Counting points on elliptic curves over finite field},
  booktitle = {Journal de {T}h{\'e}orie des {N}ombres de {B}ordeaux },
  volume={7},
  number={1},
  pages={219--254},
  year={1995}
}

@Book{Cox89,
author = {Cox, David A.},
title = {Primes of the form $x^2+ny^2$},
publisher = {Wiley-Interscience},
year = {1989}
}

@book{Blake:2005:AEC,
 author = {Blake, I. and Seroussi, G. and Smart, N. and Cassels, J. W. S.},
 title = {Advances in Elliptic Curve Cryptography (London Mathematical Society Lecture Note Series)},
 year = {2005},
 isbn = {052160415X},
 publisher = {Cambridge University Press},
 address = {New York, NY, USA}
} 

@inproceedings{Couveignes96,
  author    = {Couveignes, Jean Marc},
  title     = {Computing l-{I}sogenies {U}sing the p-{T}orsion},
  booktitle = {ANTS},
  year      = {1996},
  pages     = {59-65},
  ee        = {http://dx.doi.org/10.1007/3-540-61581-4_41},
  crossref  = {DBLP:conf/ants/1996},
  bibsource = {DBLP, http://dblp.uni-trier.de}
}
@proceedings{DBLP:conf/ants/1996,
  editor    = {Henri Cohen},
  title     = {Algorithmic Number Theory, Second International Symposium,
               ANTS-II, Talence, France, May 18-23, 1996, Proceedings},
  booktitle = {ANTS},
  publisher = {Springer},
  series    = {Lecture Notes in Computer Science},
  volume    = {1122},
  year      = {1996},
  isbn      = {3-540-61581-4},
  bibsource = {DBLP, http://dblp.uni-trier.de}
}
 
@inproceedings{Ionica-Joux10,
  author    = {Ionica, Sorina  and
               Joux, Antoine},
  title     = {Pairing the {V}olcano},
  booktitle = {ANTS},
  year      = {2010},
  pages     = {201-218},
  ee        = {http://dx.doi.org/10.1007/978-3-642-14518-6_18},
  crossref  = {DBLP:conf/ants/2010},
  bibsource = {DBLP, http://dblp.uni-trier.de}
}
@proceedings{DBLP:conf/ants/2010,
  editor    = {Guillaume Hanrot and
               Fran\c{c}ois Morain and
               Emmanuel Thom{\'e}},
  title     = {Algorithmic Number Theory, 9th International Symposium,
               ANTS-IX, Nancy, France, July 19-23, 2010. Proceedings},
  booktitle = {ANTS},
  publisher = {Springer},
  series    = {Lecture Notes in Computer Science},
  volume    = {6197},
  year      = {2010},
  isbn      = {978-3-642-14517-9},
  ee        = {http://dx.doi.org/10.1007/978-3-642-14518-6},
  bibsource = {DBLP, http://dblp.uni-trier.de}
}

@article{Schoof85,
  author    = {Schoof, Ren{\'e}},
  title     = {Elliptic curves over finite fields and the computation of square roots mod p},
  journal={Mathematics of computation},
  volume={44},
  number={170},
  pages={483--494},
  year={1985}
}

@article{BissonSutherland11,
  title={Computing the endomorphism ring of an ordinary elliptic curve over a finite field},
  author={Bisson, Gaetan and Sutherland, Andrew V},
  journal={Journal of Number Theory},
  volume={131},
  number={5},
  pages={815--831},
  year={2011},
  publisher={Elsevier}
}

@article{Couveignes00,
  author    = {Couveignes, Jean Marc},
  title     = {Isomorphisms between {A}rtin-{S}chreier towers},
  journal	= {Mathematics of Computation},
  volume	= {69},
  number	= {232},
  pages		= {1625--1631},
  year		= {2000},
  ee        = {http://dx.doi.org/10.1090/S0025-5718-00-01193-5},
  bibsource = {DBLP, http://dblp.uni-trier.de}
}

@article{DeFeo-Shost'12,
  AUTHOR = {De Feo, Luca and Schost, {\'E}ric},
  TITLE = {{Fast Arithmetics in Artin-Schreier Towers over Finite Fields}},
  JOURNAL = {{Journal of Symbolic Computation}},
  VOLUME = {47},
  NUMBER = {7},
  PAGES = {771-792},
  YEAR = {2012},
  MONTH = Jul,
  KEYWORDS = {Algorithms; Complexity; Artin-Schreier},
  DOI = {10.1016/j.jsc.2011.12.008},
  URL = {http://hal.inria.fr/hal-00505799}
}

@article{MiretMRV05,
  author    = {Miret, Josep M. and
               Moreno, Ramiro and
               Rio, Anna and
               Valls, Magda},
  title     = {Determining the 2-{S}ylow subgroup of an elliptic curve over
               a finite field},
  journal   = {Mathematics of computation},
  volume    = {74},
  number    = {249},
  year      = {2005},
  pages     = {411-427},
  ee        = {http://dx.doi.org/10.1090/S0025-5718-04-01640-0},
  bibsource = {DBLP, http://dblp.uni-trier.de}
}

@article{Teske06,
  author    = {Teske, Edlyn},
  title     = {An {E}lliptic {C}urve {T}rapdoor {S}ystem},
  journal   = {Journal of {C}ryptology},
  volume    = {19},
  number    = {1},
  pages     = {115--133},
  year      = {2006},
  url       = {http://dx.doi.org/10.1007/s00145-004-0328-3},
  doi       = {10.1007/s00145-004-0328-3},
  timestamp = {Mon, 08 May 2006 10:42:50 +0200},
  biburl    = {http://dblp.uni-trier.de/rec/bib/journals/joc/Teske06},
  bibsource = {dblp computer science bibliography, http://dblp.org}
}


@article{Cantor-Kaltofen91,
  author    = {Cantor, David G. and
               Kaltofen, Erich},
  title     = {On {F}ast {M}ultiplication of {P}olynomials over {A}rbitrary {A}lgebras},
  journal   = {Acta {I}nformatica},
  volume    = {28},
  number    = {7},
  pages     = {693--701},
  year      = {1991},
  url       = {http://dx.doi.org/10.1007/BF01178683},
  doi       = {10.1007/BF01178683},
  timestamp = {Tue, 11 Jan 2011 17:19:51 +0100},
  biburl    = {http://dblp.uni-trier.de/rec/bib/journals/acta/CantorK91},
  bibsource = {dblp computer science bibliography, http://dblp.org}
}

@inproceedings{DeFeo-Doliskani-Schost13,
  author    = {De Feo, Luca and
               Doliskani, Javad and
               Schost, {\'{E}}ric },
  title     = {Fast {A}lgorithms for \emph{l}-adic {T}owers over {F}inite {F}ields},
  booktitle = {International Symposium on Symbolic and Algebraic Computation, ISSAC'13,
               Boston, MA, USA, June 26-29, 2013},
  pages     = {165--172},
  year      = {2013},
  crossref  = {issac2013},
  url       = {http://doi.acm.org/10.1145/2465506.2465956},
  doi       = {10.1145/2465506.2465956},
  timestamp = {Sat, 28 Dec 2013 13:04:35 +0100},
  biburl    = {http://dblp.uni-trier.de/rec/bib/conf/issac/FeoDS13},
  bibsource = {dblp computer science bibliography, http://dblp.org}
}


@proceedings{issac2013,
  editor    = {Kauers, Manuel},
  title     = {International Symposium on Symbolic and Algebraic Computation, ISSAC'13,
               Boston, MA, USA, June 26-29, 2013},
  publisher = {{ACM}},
  year      = {2013},
  url       = {http://dl.acm.org/citation.cfm?id=2465506},
  isbn      = {978-1-4503-2059-7},
  timestamp = {Sat, 28 Dec 2013 13:04:35 +0100},
  biburl    = {http://dblp.uni-trier.de/rec/bib/conf/issac/2013},
  bibsource = {dblp computer science bibliography, http://dblp.org}
}

@inproceedings{DeFeoDoliskaniSchost14,
  title={Fast arithmetic for the algebraic closure of finite fields},
  author={De Feo, Luca and Doliskani, Javad and Schost, {\'E}ric},
  booktitle={International Symposium on Symbolic and Algebraic Computation, {ISSAC}'14, Kobe, Japan, July 23-25, 2014},
  pages={122--129},
  year={2014},
  organization={ACM}
}

@inproceedings{Shoup88,
  author    = {Shoup, Victor},
  title     = {New {A}lgorithms for {F}inding {I}rreducible {P}olynomials over {F}inite {F}ields},
  booktitle = {29th Annual Symposium on Foundations of Computer Science, White Plains,
               New York, USA, 24-26 October 1988},
  pages     = {283--290},
  year      = {1988},
  crossref  = {FOCS29},
  url       = {http://dx.doi.org/10.1109/SFCS.1988.21944},
  doi       = {10.1109/SFCS.1988.21944},
  timestamp = {Tue, 16 Dec 2014 09:57:21 +0100},
  biburl    = {http://dblp.uni-trier.de/rec/bib/conf/focs/Shoup88},
  bibsource = {dblp computer science bibliography, http://dblp.org}
}

@proceedings{FOCS29,
  title     = {29th Annual Symposium on Foundations of Computer Science, White Plains,
               New York, USA, 24-26 October 1988},
  publisher = {{IEEE} Computer Society},
  year      = {1988},
  url       = {http://ieeexplore.ieee.org/xpl/mostRecentIssue.jsp?punumber=219},
  isbn      = {0-8186-0877-3},
  timestamp = {Mon, 15 Dec 2014 18:48:44 +0100},
  biburl    = {http://dblp.uni-trier.de/rec/bib/conf/focs/FOCS29},
  bibsource = {dblp computer science bibliography, http://dblp.org}
}

@article{CouveignesLercier2013,
  title={Fast construction of irreducible polynomials over finite fields},
  author={Couveignes, Jean-Marc and Lercier, Reynald},
  journal={Israel Journal of Mathematics},
  volume={194},
  number={1},
  pages={77--105},
  year={2013},
  publisher={Springer}
}


@article{howe1993,
  title={On the group orders of elliptic curves over finite fields},
  author={Howe, Everett W},
  journal={Compositio mathematica},
  volume={85},
  number={2},
  pages={229--247},
  year={1993}
}

@article{lenstra1987,
  title={Factoring integers with elliptic curves},
  author={Lenstra Jr, Hendrik W},
  journal={Annals of mathematics},
  pages={649--673},
  year={1987},
  publisher={JSTOR}
}

@article{Enge09,
  TITLE = {{Computing modular polynomials in quasi-linear time}},
  AUTHOR = {Enge, Andreas},
  URL = {https://hal.inria.fr/inria-00143084},
  JOURNAL = {{Mathematics of Computation}},
  PUBLISHER = {{American Mathematical Society}},
  VOLUME = {78},
  NUMBER = {267},
  PAGES = {1809-1824},
  YEAR = {2009},
  PDF = {https://hal.inria.fr/inria-00143084/file/modcomp.pdf},
  HAL_ID = {inria-00143084},
  HAL_VERSION = {v2}
}

@article{BMSS08,
  author    = {Bostan, Alin and
               Morain, Fran{\c{c}}ois and
               Salvy,  Bruno and
               Schost, {\'{E}}ric},
  title     = {Fast algorithms for computing isogenies between elliptic curves},
  journal   = {Math. Comput.},
  volume    = {77},
  number    = {263},
  pages     = {1755--1778},
  year      = {2008},
  url       = {http://dx.doi.org/10.1090/S0025-5718-08-02066-8},
  doi       = {10.1090/S0025-5718-08-02066-8},
  timestamp = {Sun, 10 Apr 2011 19:45:31 +0200},
  biburl    = {http://dblp.uni-trier.de/rec/bib/journals/moc/BostanMSS08},
  bibsource = {dblp computer science bibliography, http://dblp.org}
}

@article{BosmaCS97,
  author    = {Bosma, Wieb  and
               Cannon, John J. and
               Steel, Allan K.},
  title     = {Lattices of {C}ompatibly {E}mbedded {F}inite {F}ields},
  journal   = {Journal of {S}ymbolic {C}omputation},
  volume    = {24},
  number    = {3/4},
  pages     = {351--369},
  year      = {1997},
  url       = {http://dx.doi.org/10.1006/jsco.1997.0138},
  doi       = {10.1006/jsco.1997.0138},
  timestamp = {Tue, 20 Sep 2011 11:17:56 +0200},
  biburl    = {http://dblp.uni-trier.de/rec/bib/journals/jsc/BosmaCS97},
  bibsource = {dblp computer science bibliography, http://dblp.org}
}

@article{Elkies1998,
  title={Elliptic and modular curves over finite fields and related computational issues},
  author={Elkies, Noam D},
  journal={AMS IP STUDIES IN ADVANCED MATHEMATICS},
  volume={7},
  pages={21--76},
  year={1998},
  publisher={INTERNATIONAL PRESS}
}


@article{velu1971,
  title={Isog{\'e}nies entre courbes elliptiques},
  author={V{\'e}lu, Jacques},
  journal={Comptes Rendus hebdomadaires de l'Acad{\'e}mie des Sciences de Paris S{\'e}rie AB},
  volume={273},
  pages={A238--A241},
  year={1971},
  month={july}
}


@inproceedings{LairezVaccon16,
  author    = {Lairez, Pierre and
               Vaccon, Tristan},
  title     = {On p-{A}dic {D}ifferential {E}quations with {S}eparation of {V}ariables},
  booktitle = {Proceedings of the {ACM} on International Symposium on Symbolic and
               Algebraic Computation, {ISSAC} 2016, Waterloo, ON, Canada, July 19-22,
               2016},
  pages     = {319--323},
  year      = {2016},
  crossref  = {issac2016},
  url       = {http://doi.acm.org/10.1145/2930889.2930912},
  doi       = {10.1145/2930889.2930912},
  timestamp = {Tue, 19 Jul 2016 11:33:18 +0200},
  biburl    = {http://dblp.uni-trier.de/rec/bib/conf/issac/LairezV16},
  bibsource = {dblp computer science bibliography, http://dblp.org}
}

@proceedings{issac2016,
  editor    = {Sergei A. Abramov and
               Eugene V. Zima and
               Xiao{-}Shan Gao},
  title     = {Proceedings of the {ACM} on International Symposium on Symbolic and
               Algebraic Computation, {ISSAC} 2016, Waterloo, ON, Canada, July 19-22,
               2016},
  publisher = {{ACM}},
  year      = {2016},
  url       = {http://dl.acm.org/citation.cfm?id=2930889},
  isbn      = {978-1-4503-4380-0},
  timestamp = {Tue, 19 Jul 2016 11:21:49 +0200},
  biburl    = {http://dblp.uni-trier.de/rec/bib/conf/issac/2016},
  bibsource = {dblp computer science bibliography, http://dblp.org}
}

@phdthesis{DeFeo10,
  author    = {De Feo, Luca},
  title     = {Fast {A}lgorithms for {T}owers of {F}inite {F}ields and {I}sogenies. ({A}lgorithmes
               {R}apides pour les {T}ours de {C}orps {F}inis et les {I}sog{\'{e}}nies)},
  school    = {{\'{E}}cole Polytechnique, Palaiseau, France},
  year      = {2010},
  url       = {https://tel.archives-ouvertes.fr/tel-00547034},
  timestamp = {Mon, 11 Jul 2016 18:16:22 +0200},
  biburl    = {http://dblp.uni-trier.de/rec/bib/phd/hal/DeFeo10},
  bibsource = {dblp computer science bibliography, http://dblp.org}
}

@article{Gunji76,
  title={The {H}asse {I}nvariant and p-division {P}oints of an {E}lliptic {C}urve},
  author={Gunji, Hiroshi},
  journal={Archiv der {M}athematik},
  volume={27},
  number={1},
  pages={148--158},
  year={1976},
  publisher={Springer}
}

@article{voloch90,
  title={Explicit $ p $-descent for elliptic curves in characteristic $ p$},
  author={Voloch, Jos{\'e} F},
  journal={Compositio Mathematica},
  volume={74},
  number={3},
  pages={247--258},
  year={1990}
}

@article{DeFeo11,
  title={Fast algorithms for computing isogenies between ordinary elliptic curves in small characteristic},
  author={De Feo, Luca},
  journal={Journal of Number Theory},
  volume={131},
  number={5},
  pages={873--893},
  year={2011},
  publisher={Elsevier}
}

@book{ehcc05,
  editor    = {Cohen, Henri and
               Frey, Gerhard and
               Avanzi, Roberto and
               Doche, Christophe and
               Lange, Tanja and
               Nguyen, Kim and
               Vercauteren, Frederik},
  title     = {Handbook of {E}lliptic and {H}yperelliptic {C}urve {C}ryptography},
  publisher = {Chapman and Hall/CRC},
  year      = {2005},
  url       = {http://dx.doi.org/10.1201/9781420034981},
  doi       = {10.1201/9781420034981},
  isbn      = {978-1-58488-518-4},
  timestamp = {Thu, 21 Jan 2016 15:14:23 +0100},
  biburl    = {http://dblp.uni-trier.de/rec/bib/reference/crc/2005ehcc},
  bibsource = {dblp computer science bibliography, http://dblp.org}
}

@article{BLS12,
  title={Modular polynomials via isogeny volcanoes},
  author={Br{\"o}ker, Reinier and Lauter, Kristin and Sutherland, Andrew V.},
  journal={Mathematics of Computation},
  volume={81},
  number={278},
  pages={1201--1231},
  year={2012}
}

@article{magma97,
  title={The {M}agma algebra system {I}: {T}he user language},
  author={Bosma, Wieb and Cannon, John and Playoust, Catherine},
  journal={Journal of Symbolic Computation},
  volume={24},
  number={3},
  pages={235--265},
  year={1997},
  publisher={Elsevier}
}

@phdthesis{Ionica2010,
  title={Algorithmique des couplages et cryptographie},
  author={Ionica, Sorina},
  year={2010},
  school={Universit{\'e} de Versailles-St Quentin en Yvelines}
}

@article{Lenstra96,
  title={Complex {M}ultiplication {S}tructure of {E}lliptic {C}urves},
  author={Lenstra Jr, HW},
  journal={Journal of Number Theory},
  volume={56},
  number={2},
  pages={227--241},
  year={1996},
  publisher={Elsevier}
}

@article{Ruck1987,
  title={A {N}ote on {E}lliptic {C}urves {O}ver {F}inite {F}ields},
  author={R{\"u}ck, Hans-Georg},
  journal={Mathematics of Computation},
  volume={49},
  number={179},
  pages={301--304},
  year={1987}
}

@article{sutherland2013isogeny,
  title={Isogeny volcanoes},
  author={Sutherland, Andrew V.},
  journal={The Open Book Series},
  volume={1},
  number={1},
  pages={507--530},
  year={2013},
  publisher={Mathematical Sciences Publishers}
}

@book{Serre77,
  title={Arbres, amalgames, SL2: cours au Coll{\`e}ge de France},
  author={Serre, Jean Pierre},
  year={1977},
  publisher={Soci{\'e}t{\'e} {M}ath{\'e}matique de France}
}

@article{Serre70,
  title={Cours d'arithm{\'e}tique.},
  author={Serre, Jean-Pierre},
  year={1970},
  publisher={Presses Universitaires de France}
}

@article{Defeo_Plut_Schost_2016, 
	title={Explicit isogenies in quadratic time in any characteristic}, 
	volume={19}, 
	number={A}, 
	journal={LMS Journal of Computation and Mathematics}, 
	publisher={London Mathematical Society}, 
	author={De Feo, Luca and Hugounenq, Cyril and Pl\^ut, Jér\^ome and Schost, \'Eric}, 
	year={2016}, 
	pages={267–282}
}

@article{vzGShoup92,
  title={Computing Frobenius Maps and Factoring Polynomials},
  author={von zur Gathen, Joachim and Shoup, Victor},
  journal={Computational complexity},
  volume={2},
  number={3},
  pages={187--224},
  year={1992},
  publisher={Springer}
}

@book{algeff17,
   TITLE = {{Algorithmes Efficaces en Calcul Formel}},
  AUTHOR = {Bostan, Alin and Chyzak, Fr{\'e}d{\'e}ric and Giusti, Marc and Lebreton, Romain and Lecerf, Gr{\'e}goire and Salvy, Bruno and Schost, {\'E}ric},
  URL = {https://hal.inria.fr/hal-01431717},
  NOTE = {Cette version est la pr{\'e}publication de l'ouvrage du m{\^e}me nom {\`a} para{\^i}tre dans la collection https://hal.archives-ouvertes.fr/AECF/ },
  PUBLISHER = {{published by the Authors}},
  YEAR = {2017},
  MONTH = Jan,
  PDF = {https://hal.inria.fr/hal-01431717/file/aecf%40svn1386.pdf},
  HAL_ID = {hal-01431717},
  HAL_VERSION = {v1},
}

@article{ShparlinskiSutherland14,
  title={On the {D}istribution of {A}tkin and {E}lkies {P}rimes},
  author={Shparlinski, Igor E and Sutherland, Andrew V.},
  journal={Foundations of Computational Mathematics},
  volume={14},
  number={2},
  pages={285--297},
  year={2014},
  publisher={Springer}
}

@misc{steinsagemath,
  title={SageMath Software},
  author={Stein, WA and others}
}

@manual{Sage,
    author = {{The Sage Developers}},
    comment = {{\url{http://www.sagemath.org}}},
    key = {Sage},
    title = {{S}age {M}athematics {S}oftware ({V}ersion 7.1)},
    year = {2016}
}

@article{Schonhage77,
  title={Schnelle {M}ultiplikation von {P}olynomen {\"u}ber k{\"o}rpern der {C}harakteristik 2},
  author={Sch{\"o}nhage, Arnold},
  journal={Acta Informatica},
  volume={7},
  number={4},
  pages={395--398},
  year={1977},
  publisher={Springer}
 }
}@article{SchonhageStrassen71,
  title={Schnelle {M}ultiplikation grosser {Z}ahlen},
  author={Sch{\"o}nhage, Arnold and Strassen, Volker},
  journal={Computing},
  volume={7},
  number={3-4},
  pages={281--292},
  year={1971},
  publisher={Springer}
}

@inproceedings{Schost15,
 author = {Schost, Eric},
 title = {Algorithms for Finite Field Arithmetic},
 booktitle = {Proceedings of the 2015 ACM on International Symposium on Symbolic and Algebraic Computation},
 series = {ISSAC '15},
 year = {2015},
 isbn = {978-1-4503-3435-8},
 location = {Bath, United Kingdom},
 pages = {7--12},
 numpages = {6},
 url = {http://doi.acm.org/10.1145/2755996.2756637},
 doi = {10.1145/2755996.2756637},
 acmid = {2756637},
 publisher = {ACM},
 address = {New York, NY, USA},
 keywords = {extensions, finite fields, irreducible polynomials}
} 

@article{CoppersmithWinograd90,
  title={Matrix {M}ultiplication via {A}rithmetic {P}rogressions},
  author={Coppersmith, Don and Winograd, Shmuel},
  journal={Journal of Symbolic Computation},
  volume={9},
  number={3},
  pages={251--280},
  year={1990},
  publisher={Elsevier}
}

@inproceedings{Williams12,
  title={Multiplying matrices faster than {C}oppersmith-{W}inograd},
  author={Williams, Virginia Vassilevska},
  booktitle={Proceedings of the forty-fourth annual ACM symposium on Theory of computing},
  pages={887--898},
  year={2012},
  organization={ACM}
}

@article{BrawleyCarlitz87,
  title={Irreducibles and the composed product for polynomials over a finite field},
  author={Brawley, Joel V and Carlitz, Leonard},
  journal={Discrete Mathematics},
  volume={65},
  number={2},
  pages={115--139},
  year={1987},
  publisher={Elsevier}
}

@proceedings{aaecc2003,
  editor    = {Marc P. C. Fossorier and
               Tom H{\o}holdt and
               Alain Poli},
  title     = {Applied Algebra, Algebraic Algorithms and Error-Correcting Codes,
               15th International Symposium, AAECC-15, Toulouse, France, May 12-16,
               2003, Proceedings},
  series    = {Lecture Notes in Computer Science},
  volume    = {2643},
  publisher = {Springer},
  year      = {2003},
  isbn      = {3-540-40111-3},
  timestamp = {Wed, 07 May 2003 15:22:35 +0200},
  biburl    = {http://dblp.uni-trier.de/rec/bib/conf/aaecc/2003},
  bibsource = {dblp computer science bibliography, http://dblp.org}
}

@article{BostanFlajoletSalvySchost06,
  title={Fast computation of special resultants},
  author={Bostan, Alin and Flajolet, Philippe and Salvy, Bruno and Schost, {\'E}ric},
  journal={Journal of Symbolic Computation},
  volume={41},
  number={1},
  pages={1--29},
  year={2006},
  publisher={Elsevier}
}

@article{BrentKung78,
  title={Fast algorithms for manipulating formal power series},
  author={Brent, Richard P and Kung, Hsiang T},
  journal={Journal of the ACM (JACM)},
  volume={25},
  number={4},
  pages={581--595},
  year={1978},
  publisher={ACM}
}

@MastersThesis{Master13,
    author ={Hugounenq, Cyril},
    title  ={Amélioration de l'algorithme de {C}ouveignes à l'aide de la structure de $2$-{S}ylow},
    school     =     {Universit{\'e} Joseph Fourrier},
    address     =     {Grenoble},
    year     =     {2013}
}

@misc{Cohen96,
  title		={A {C}ourse in {C}omputational {A}lgebraic {N}umber {T}heory.(3rd corrected printing)},
  author	={Cohen, Henri},
  volume	={138},
  year		={1996},
  series    = {Graduate {T}exts in {M}athematics},
  publisher	={New York, Springer}
}

@article{Pizer90,
  title={Ramanujan graphs and {H}ecke operators},
  author={Pizer, Arnold K},
  journal={Bulletin of the American Mathematical Society},
  volume={23},
  number={1},
  pages={127--137},
  year={1990}
}
% Computational perspectives on number theory (Chicago, IL) Pizer 95
@article{Pizer95,
  title={Ramanujan graphs.},
  author={Pizer, Arnold K},
  journal={AMS IP STUDIES IN ADVANCED MATHEMATICS},
  volume={7},
  pages={159--178},
  year={1995}
}

@misc{BissonSutherLand2009,
    author = {Bisson, Gaetan  and Sutherland,  Andrew V.},
    title = {Computing the endomorphism ring of an ordinary elliptic curve over a finite field},
    howpublished = {Cryptology ePrint Archive, Report 2009/100},
    year = {2009},
    note = {\url{http://eprint.iacr.org/2009/100}},
}

@article{Broker08,
  author    = {Br{\"{o}}ker, Reinier},
  title     = {A \emph{p}-adic algorithm to compute the {H}ilbert class polynomial},
  journal   = {Mathematics of Computation},
  volume    = {77},
  number    = {264},
  pages     = {2417--2435},
  year      = {2008},
  url       = {https://doi.org/10.1090/S0025-5718-08-02091-7},
  doi       = {10.1090/S0025-5718-08-02091-7},
  timestamp = {Sun, 28 May 2017 13:23:41 +0200},
  biburl    = {http://dblp.uni-trier.de/rec/bib/journals/moc/Broker08},
  bibsource = {dblp computer science bibliography, http://dblp.org}
}

@article{Sutherland11a,
  author    = {Sutherland, Andrew V. },
  title     = {Computing {H}ilbert class polynomials with the {C}hinese remainder theorem},
  journal   = {Mathematics of Computation},
  volume    = {80},
  number    = {273},
  pages     = {501--538},
  year      = {2011},
  url       = {https://doi.org/10.1090/S0025-5718-2010-02373-7},
  doi       = {10.1090/S0025-5718-2010-02373-7},
  timestamp = {Sun, 28 May 2017 13:23:43 +0200},
  biburl    = {http://dblp.uni-trier.de/rec/bib/journals/moc/Sutherland11a},
  bibsource = {dblp computer science bibliography, http://dblp.org}
}

@article{Koblitz87,
  title={Elliptic {C}urve {C}ryptosystems},
  author={Koblitz, Neal},
  journal={Mathematics of Computation},
  volume={48},
  number={177},
  pages={203--209},
  year={1987}
}

@article{Koblitz89,
  author    = {Neal Koblitz},
  title     = {Hyperelliptic {C}ryptosystems},
  journal   = {Journal of Cryptology},
  volume    = {1},
  number    = {3},
  pages     = {139--150},
  year      = {1989},
  url       = {https://doi.org/10.1007/BF02252872},
  doi       = {10.1007/BF02252872},
  timestamp = {Thu, 18 May 2017 09:52:09 +0200},
  biburl    = {http://dblp.uni-trier.de/rec/bib/journals/joc/Koblitz89},
  bibsource = {dblp computer science bibliography, http://dblp.org}
}

@inproceedings{Miller85,
  author    = {Victor S. Miller},
  title     = {Use of {E}lliptic {C}urves in {C}ryptography},
  booktitle = {Advances in Cryptology - {CRYPTO} '85, Santa Barbara, California,
               USA, August 18-22, 1985, Proceedings},
  pages     = {417--426},
  year      = {1985},
  crossref  = {crypto1985},
  url       = {https://doi.org/10.1007/3-540-39799-X_31},
  doi       = {10.1007/3-540-39799-X_31},
  timestamp = {Fri, 19 May 2017 12:26:22 +0200},
  biburl    = {http://dblp.uni-trier.de/rec/bib/conf/crypto/Miller85},
  bibsource = {dblp computer science bibliography, http://dblp.org}
}

@proceedings{crypto1985,
  editor    = {Hugh C. Williams},
  title     = {Advances in Cryptology - {CRYPTO} '85, Santa Barbara, California,
               USA, August 18-22, 1985, Proceedings},
  series    = {Lecture Notes in Computer Science},
  volume    = {218},
  publisher = {Springer},
  year      = {1986},
  url       = {https://doi.org/10.1007/3-540-39799-X},
  doi       = {10.1007/3-540-39799-X},
  isbn      = {3-540-16463-4},
  timestamp = {Fri, 19 May 2017 12:26:22 +0200},
  biburl    = {http://dblp.uni-trier.de/rec/bib/conf/crypto/1985},
  bibsource = {dblp computer science bibliography, http://dblp.org}
}

@article{Pollard78,
  title={Monte Carlo {M}ethods for {I}ndex {C}omputation (mod p)},
  author={Pollard, John M},
  journal={Mathematics of computation},
  volume={32},
  number={143},
  pages={918--924},
  year={1978}
}

@inproceedings{Shanks71,
  title={Class number, a theory of factorization and genera},
  author={Shanks, Daniel},
  booktitle={Proceedings of Symposia in Pure Mathematics},
  volume={20},
  pages={415--440},
  year={1971}
}

@article{Menezes93,
  title={Reducing {E}lliptic {C}urve {L}ogarithms to {L}ogarithms in a {F}inite {F}ield},
  author={Menezes, Alfred J and Okamoto, Tatsuaki and Vanstone, Scott A},
  journal={iEEE Transactions on information Theory},
  volume={39},
  number={5},
  pages={1639--1646},
  year={1993},
  publisher={IEEE}
}

@article{FreyRuck94,
  title={A remark concerning m-divisibility and the discrete logarithm in the divisor class group of curves},
  author={Frey, Gerhard and R{\"u}ck, Hans-Georg},
  journal={Mathematics of computation},
  volume={62},
  number={206},
  pages={865--874},
  year={1994}
}

@inproceedings{JouxLercier06,
  title={The function field sieve in the medium prime case},
  author={Joux, Antoine and Lercier, Reynald},
  booktitle={Annual International Conference on the Theory and Applications of Cryptographic Techniques},
  pages={254--270},
  year={2006},
  organization={Springer}
}

@inproceedings{JouxLercierSmartVercauteren06,
  title={The number field sieve in the medium prime case},
  author={Joux, Antoine and Lercier, Reynald and Smart, Nigel and Vercauteren, Frederik},
  booktitle={Crypto},
  volume={4117},
  pages={326--344},
  year={2006},
  organization={Springer}
}

@inproceedings{BarbulescuGaudryJouxThome14,
  author    = {Razvan Barbulescu and
               Pierrick Gaudry and
               Antoine Joux and
               Emmanuel Thom{\'{e}}},
  title     = {A Heuristic Quasi-Polynomial Algorithm for Discrete Logarithm in Finite
               Fields of Small Characteristic},
  booktitle = {Advances in Cryptology - {EUROCRYPT} 2014 - 33rd Annual International
               Conference on the Theory and Applications of Cryptographic Techniques,
               Copenhagen, Denmark, May 11-15, 2014. Proceedings},
  pages     = {1--16},
  year      = {2014},
  crossref  = {eurocrypt2014},
  url       = {https://doi.org/10.1007/978-3-642-55220-5_1},
  doi       = {10.1007/978-3-642-55220-5_1},
  timestamp = {Wed, 24 May 2017 08:31:22 +0200},
  biburl    = {http://dblp.uni-trier.de/rec/bib/conf/eurocrypt/BarbulescuGJT14},
  bibsource = {dblp computer science bibliography, http://dblp.org}
}

@proceedings{eurocrypt2014,
  editor    = {Phong Q. Nguyen and
               Elisabeth Oswald},
  title     = {Advances in Cryptology - {EUROCRYPT} 2014 - 33rd Annual International
               Conference on the Theory and Applications of Cryptographic Techniques,
               Copenhagen, Denmark, May 11-15, 2014. Proceedings},
  series    = {Lecture Notes in Computer Science},
  volume    = {8441},
  publisher = {Springer},
  year      = {2014},
  url       = {https://doi.org/10.1007/978-3-642-55220-5},
  doi       = {10.1007/978-3-642-55220-5},
  isbn      = {978-3-642-55219-9},
  timestamp = {Wed, 24 May 2017 08:31:22 +0200},
  biburl    = {http://dblp.uni-trier.de/rec/bib/conf/eurocrypt/2014},
  bibsource = {dblp computer science bibliography, http://dblp.org}
}

@article{Atkin88,
  title={The number of points on an elliptic curve modulo a prime},
  author={Atkin, Arthur O. L.},
  year  ={1988},
  journal={Email on the Number Theory Mailing List}
}

@article{Elkies91,
  title={Explicit isogenies},
  author={Elkies, Noam D.},
  journal={preprint},
  year={1991}
}


@misc{CharlapColeyRobbins91,
  title={Enumeration of rational points on elliptic curves over finite fields},
  author={Charlap, Leonard S and Coley, Raymond and Robbins, David P},
  year={1991},
  publisher={Draft}
}

@unpublished{Atkin91,
    author = {Atkin, Arthur O. L.},
    howpublished = {manuscript, Chicago IL},
    keywords = {elliptic\_curve, isogenies, schoof},
    title = {The number of points on an elliptic curve modulo a prime},
    year = {1991},
    note = {Mail to the number theory mailing list available at http://www.lix.polytechnique.fr/Labo/Francois.Morain/AtkinEmails/19910614.txt},
    url  = {http://www.lix.polytechnique.fr/Labo/Francois.Morain/AtkinEmails/19910614.txt}
}

@article{CGL09,
    author = {Charles, Denis X. and Goren, Eyal Z. and Lauter, Kristin E.},
    citeulike-article-id = {10862471},
    citeulike-linkout-0 = {http://dx.doi.org/10.1007/s00145-007-9002-x},
    doi = {10.1007/s00145-007-9002-x},
    journal = {Journal of Cryptology},
    posted-at = {2012-07-06 21:19:46},
    priority = {2},
    title = {Cryptographic {H}ash {F}unctions from {E}xpander {G}raphs},
    url = {http://dx.doi.org/10.1007/s00145-007-9002-x},
    volume = {22},
    year = {2009}
}

@inproceedings{GallantLambertVanstone01,
  title={Faster {P}oint {M}ultiplication on {E}lliptic {C}urves with {E}fficient {E}ndomorphisms},
  author={Gallant, Robert and Lambert, Robert and Vanstone, Scott},
  booktitle={Advances in Cryptology—CRYPTO 2001},
  pages={190--200},
  year={2001},
  organization={Springer}
}

@article{LongaSica14,
  title={Four-{D}imensional {G}allant--{L}ambert--{V}anstone {S}calar {M}ultiplication},
  author={Longa, Patrick and Sica, Francesco},
  journal={Journal of Cryptology},
  volume={27},
  number={2},
  pages={248--283},
  year={2014},
  publisher={Springer}
}

@article{MaurerMenezesTeske01,
  title={Analysis of the {GHS} {W}eil descent attack on the {ECDLP} over characteristic two finite fields of composite degree},
  author={Maurer, Markus and Menezes, Alfred and Teske, Edlyn},
  journal={Progress in Cryptology—INDOCRYPT 2001},
  pages={195--213},
  year={2001},
  publisher={Springer}
}

@article{BarbulescuPierrot14,
  title={The multiple number field sieve for medium-and high-characteristic finite fields},
  author={Barbulescu, Razvan and Pierrot, C{\'e}cile},
  journal={LMS Journal of Computation and Mathematics},
  volume={17},
  number={A},
  pages={230--246},
  year={2014},
  publisher={London Mathematical Society}
}
@inproceedings{Shor94,
  author    = {Peter W. Shor},
  title     = {Algorithms for Quantum Computation: Discrete Logarithms and Factoring},
  booktitle = {35th Annual Symposium on Foundations of Computer Science, Santa Fe,
               New Mexico, USA, 20-22 November 1994},
  pages     = {124--134},
  year      = {1994},
  crossref  = {DBLP:conf/focs/FOCS35},
  url       = {https://doi.org/10.1109/SFCS.1994.365700},
  doi       = {10.1109/SFCS.1994.365700},
  timestamp = {Fri, 19 May 2017 01:26:00 +0200},
  biburl    = {http://dblp.uni-trier.de/rec/bib/conf/focs/Shor94},
  bibsource = {dblp computer science bibliography, http://dblp.org}
}

@proceedings{DBLP:conf/focs/FOCS35,
  title     = {35th Annual Symposium on Foundations of Computer Science, Santa Fe,
               New Mexico, USA, 20-22 November 1994},
  publisher = {{IEEE} Computer Society},
  year      = {1994},
  url       = {http://ieeexplore.ieee.org/xpl/mostRecentIssue.jsp?punumber=2955},
  isbn      = {0-8186-6580-7},
  timestamp = {Mon, 15 Dec 2014 18:48:44 +0100},
  biburl    = {http://dblp.uni-trier.de/rec/bib/conf/focs/FOCS35},
  bibsource = {dblp computer science bibliography, http://dblp.org}
}

@article{Couveignes94,
  title={Quelques calculs en th{\'e}orie des nombres},
  author={Couveignes, Jean-Marc},
  journal={Th\'ese, {U}niversit\'e de {B}ordeaux 1},
  year={1994}
}

@inproceedings{Lercier96,
  author    = {Reynald Lercier},
  title     = {Computing Isogenies in F\({}_{\mbox{2\({}^{\mbox{n}}\)}}\)},
  booktitle = {Algorithmic Number Theory, Second International Symposium, ANTS-II,
               Talence, France, May 18-23, 1996, Proceedings},
  pages     = {197--212},
  year      = {1996},
  crossref  = {ants1996},
  url       = {https://doi.org/10.1007/3-540-61581-4_55},
  doi       = {10.1007/3-540-61581-4_55},
  timestamp = {Mon, 22 May 2017 16:14:04 +0200},
  biburl    = {http://dblp.uni-trier.de/rec/bib/conf/ants/Lercier96},
  bibsource = {dblp computer science bibliography, http://dblp.org}
}
@proceedings{ants1996,
  editor    = {Henri Cohen},
  title     = {Algorithmic Number Theory, Second International Symposium, ANTS-II,
               Talence, France, May 18-23, 1996, Proceedings},
  series    = {Lecture Notes in Computer Science},
  volume    = {1122},
  publisher = {Springer},
  year      = {1996},
  url       = {https://doi.org/10.1007/3-540-61581-4},
  doi       = {10.1007/3-540-61581-4},
  isbn      = {3-540-61581-4},
  timestamp = {Mon, 22 May 2017 16:14:04 +0200},
  biburl    = {http://dblp.uni-trier.de/rec/bib/conf/ants/1996},
  bibsource = {dblp computer science bibliography, http://dblp.org}
}

@MastersThesis{Besnier14,
    author ={Besnier, Sébastien},
    title  ={Courbes elliptiques et isogénies: implantation dans Sage},
    school ={Université de Versailles Saint-Quentin en Yvelines},
    address={Versailles},
    year   ={2014}
}

@article{Couveignes06,
  title={Hard Homogeneous Spaces.},
  author={Couveignes, Jean Marc},
  journal={IACR Cryptology ePrint Archive},
  volume={2006},
  pages={291},
  year={2006}
}

@inproceedings{Mestre86,
  title={La m{\'e}thode des graphes. Exemples et applications},
  author={Mestre, Jean-Francois},
  booktitle={Proceedings of the international conference on class numbers and fundamental units of algebraic number fields (Katata)},
  pages={217--242},
  year={1986}
}